@article{silver2018alphazero,
  author = {Silver, David and Huang, Aja and Maddison, Chris J. and others},
  title = {A General Reinforcement Learning Algorithm that Masters Chess, Shogi, and Go through Self-Play},
  journal = {Science},
  volume = {362},
  number = {6419},
  pages = {1140--1144},
  year = {2018},
  doi = {10.1126/science.aar6404}
}

@article{watkins1992qlearning,
  author = {Watkins, C. J. C. H. and Dayan, Peter},
  title = {Q-learning},
  journal = {Machine Learning},
  volume = {8},
  number = {3-4},
  pages = {279--292},
  year = {1992},
  doi = {10.1007/BF00992698}
}

@techreport{rummery1994sarsa,
  author = {Rummery, G. A. and Niranjan, M.},
  title = {On-Line Q-learning using Connectionist Systems},
  institution = {Cambridge University Engineering Department},
  year = {1994},
  number = {116},
  url = {https://www.cs.cmu.edu/~rsalakhu/papers/rummery1994.pdf}
}

@article{silver2017alphago,
  author = {Silver, David and Schrittwieser, Julian and Simonyan, K and others},
  title = {Mastering Chess and Shogi by Self-Play with a General Reinforcement Learning Algorithm},
  journal = {arXiv preprint arXiv:1712.01815},
  year = {2017},
  url = {https://arxiv.org/abs/1712.01815}
}


@article{mnih2015dqn,
  author = {Mnih, Volodymyr and Kavukcuoglu, Koray and Silver, David and others},
  title = {Human-level control through deep reinforcement learning},
  journal = {Nature},
  volume = {518},
  number = {7540},
  pages = {529--533},
  year = {2015},
  doi = {10.1038/nature14236}
}
@misc{stockfish,
  author = {The Stockfish Developers},
  title = {Stockfish: A Free Chess Engine},
  year = {2025},
  url = {https://stockfishchess.org/},
  note = {Accessed: 2025-03-03}
}

@ARTICLE{8836506,
  author={Jang, Beakcheol and Kim, Myeonghwi and Harerimana, Gaspard and Kim, Jong Wook},
  journal={IEEE Access}, 
  title={Q-Learning Algorithms: A Comprehensive Classification and Applications}, 
  year={2019},
  volume={7},
  number={},
  pages={133653-133667},
  keywords={Reinforcement learning;Mathematical model;Classification algorithms;Machine learning algorithms;Market research;Reinforcement learning;Q-learning;single-agent;multi-agent},
  doi={10.1109/ACCESS.2019.2941229}}

@inbook{David_2016,
   title={DeepChess: End-to-End Deep Neural Network for Automatic Learning in Chess},
   ISBN={9783319447810},
   ISSN={1611-3349},
   url={http://dx.doi.org/10.1007/978-3-319-44781-0_11},
   DOI={10.1007/978-3-319-44781-0_11},
   booktitle={Artificial Neural Networks and Machine Learning – ICANN 2016},
   publisher={Springer International Publishing},
   author={David, Omid E. and Netanyahu, Nathan S. and Wolf, Lior},
   year={2016},
   pages={88–96} }

@misc{helfenstein2024checkmatingoneusingmany,
      title={Checkmating One, by Using Many: Combining Mixture of Experts with MCTS to Improve in Chess}, 
      author={Felix Helfenstein and Jannis Blüml and Johannes Czech and Kristian Kersting},
      year={2024},
      eprint={2401.16852},
      archivePrefix={arXiv},
      primaryClass={cs.LG},
      url={https://arxiv.org/abs/2401.16852}, 
}

@misc{hammersborg2022reinforcementlearningadaptablechess,
      title={Reinforcement Learning in an Adaptable Chess Environment for Detecting Human-understandable Concepts}, 
      author={Patrik Hammersborg and Inga Strümke},
      year={2022},
      eprint={2211.05500},
      archivePrefix={arXiv},
      primaryClass={cs.LG},
      url={https://arxiv.org/abs/2211.05500}, 
}

@INPROCEEDINGS{1012769,
  author={Boule, M. and Zilic, Z.},
  booktitle={Proceedings of the IEEE 2002 Custom Integrated Circuits Conference (Cat. No.02CH37285)}, 
  title={An FPGA based move generator for the game of chess}, 
  year={2002},
  volume={},
  number={},
  pages={71-74},
  keywords={Field programmable gate arrays;Read-write memory;Electronics packaging;Hardware;Logic arrays;Transmitters;Routing;Microprocessors;Clocks;Circuits},
  doi={10.1109/CICC.2002.1012769}}
